@article{egidi2018mus,
  title={Maxima Units Search (MUS) Algorithm: Methodology and Applications},
  author={Egidi, Leonardo and Pappad{\`a}, Roberta and Pauli, Francesco and Torelli, Nicola},
  journal={Studies in Theoretical and Applied Statistics: SIS 2016, Salerno, Italy, June 8-10. Perna, Cira and Pratesi, Monica and Ruiz-Gazen, Anne)},
  volume={227},
  pages={71-81},
  year={2018},
  publisher={Springer}
}

@article{egidi2018relabelling,
  title={Relabelling in Bayesian mixture models by pivotal units},
  author={Egidi, Leonardo and Pappad{\`a}, Roberta and Pauli, Francesco and Torelli, Nicola},
  journal={Statistics and Computing},
  volume={28},
  number={4},
  pages={957--969},
  year={2018},
  publisher={Springer}
}
