
@article{egidi2018relabelling,
  title={Relabelling in {B}ayesian mixture models by pivotal units},
  author={Egidi, Leonardo and Pappad{\`a}, Roberta and Pauli, Francesco and Torelli, Nicola},
  journal={Statistics and Computing},
  volume={28},
  number={4},
  pages={957--969},
  year={2018},
  publisher={Springer},
  doi = {10.1007/s11222-017-9774-2}
}



@ARTICLE{JMLR02,
  author={Strehl, A. and Ghosh, J.},
   title={Cluster ensembles - A knowledge reuse framework for combining multiple partitions},
   journal={Journal on Machine Learning Research},
   year={2002},
   volume={3},
   pages={583-617},
   doi = {10.1162/153244303321897735}
}



@article{stephens2000dealing,
  title={Dealing with label switching in mixture models},
  author={Stephens, Matthew},
  journal={Journal of the Royal Statistical Society: Series B},
  volume={62},
  number={4},
  pages={795--809},
  year={2000},
  publisher={Wiley Online Library},
  doi = {10.1111/1467-9868.00265}
}



@article{fruhwirth2001markov,
  title={Markov {C}hain {M}onte {C}arlo estimation of classical and dynamic switching and mixture models},
  author={Fr{\"u}hwirth-Schnatter, Sylvia},
  journal={Journal of the American Statistical Association},
  volume={96},
  number={453},
  pages={194--209},
  year={2001},
  publisher={Taylor \& Francis},
  doi ={10.1198/016214501750333063}
}




@article{papastamoulis2016label,
	title = {{label.switching}: An {R} package for dealing with the label switching problem in {MCMC} outputs},
	author = {Panagiotis Papastamoulis},
	journal = {Journal of Statistical Software, Code Snippets},
	year = {2016},
	volume = {69},
	number = {1},
	pages = {1--24},
	doi = {10.18637/jss.v069.c01}
}



@Manual{bayesmix,
  title = {bayesmix: {B}ayesian Mixture Models with JAGS},
  author = {Bettina Gruen},
  year = {2015},
  note = {{R} package version 0.7-4},
  url = {https://CRAN.R-project.org/package=bayesmix},
}

@book{titterington1985statistical,
  title={Statistical analysis of finite mixture distributions},
  author={Titterington, D Michael and Smith, Adrian FM and Makov, Udi E},
  year={1985},
  publisher={Wiley, New York},
  doi = {10.2307/2531224}
}



@article{richardson1997bayesian,
  title={On {B}ayesian analysis of mixtures with an unknown number of components (with discussion)},
  author={Richardson, Sylvia and Green, Peter J},
  journal={Journal of the Royal Statistical Society: series B},
  volume={59},
  number={4},
  pages={731--792},
  year={1997},
  publisher={Wiley Online Library},
  doi ={10.1111/1467-9868.00095}
}




@Manual{pivmet,
  title = {pivmet: {P}ivotal {M}ethods for {B}ayesian {R}elabelling and k-Means {C}lustering},
  author = {Leonardo Egidi and Roberta Pappad{\`a} and Francesco Pauli and Nicola Torelli},
  year = {2024},
  note = {{R} package version 0.6.0},
  url = {https://CRAN.R-project.org/package=pivmet},
}

@Misc{rstan,
    title = {{RStan}: the {R} interface to {Stan}},
    author = {{Stan Development Team}},
    note = {{R} package version 2.21.7},
    year = {2022},
    url = {http://mc-stan.org/},
}

 @Manual{rjags,
    title = {rjags: {B}ayesian graphical models using MCMC},
    author = {Martyn Plummer},
    year = {2022},
    note = {{R} package version 4-13},
    url = {https://CRAN.R-project.org/package=rjags},
}



@article{neal2000markov,
  title={Markov {C}hain sampling methods for {D}irichlet process mixture models},
  author={Neal, Radford M},
  journal={Journal of computational and graphical statistics},
  volume={9},
  number={2},
  pages={249--265},
  year={2000},
  publisher={Taylor \& Francis},
  doi ={10.1080/10618600.2000.10474879}
}



@article{escobar1995bayesian,
  title={Bayesian density estimation and inference using mixtures},
  author={Escobar, Michael D and West, Mike},
  journal={Journal of the {A}merican {S}tatistical {A}ssociation},
  volume={90},
  number={430},
  pages={577--588},
  year={1995},
  publisher={Taylor \& Francis},
  doi = {10.1080/01621459.1995.10476550}
}



@article{ferguson1973bayesian,
  title={A {B}ayesian analysis of some nonparametric problems},
  author={Ferguson, Thomas S},
  journal={The {A}nnals of {S}tatistics},
  pages={209--230},
  year={1973},
  publisher={JSTOR}
}

@article{fruhwirth2019here,
  title={From here to infinity: sparse finite versus {D}irichlet process mixtures in model-based clustering},
  author={Fr{\"u}hwirth-Schnatter, Sylvia and Malsiner-Walli, Gertraud},
  journal={Advances in data analysis and classification},
  volume={13},
  number={1},
  pages={33--64},
  year={2019},
  publisher={Springer},
  doi = {10.1007/s11634-018-0329-y}
}


@article{malsiner2016model,
  title={Model-based clustering based on sparse finite {G}aussian mixtures},
  author={Malsiner-Walli, Gertraud and Fr{\"u}hwirth-Schnatter, Sylvia and Gr{\"u}n, Bettina},
  journal={Statistics and computing},
  volume={26},
  number={1-2},
  pages={303--324},
  year={2016},
  publisher={Springer},
  doi = {10.1007/s11222-014-9500-2}
}




